% Encoding: UTF-8

@misc{chatscript2019,
  author = {Wilcox, Bruce},
  title = {ChatScript},
  year = {2019},
  publisher = {GitHub},
  journal = {GitHub repository},
  howpublished = {\url{https://github.com/ChatScript/ChatScript}},
  commit = {716e21b0265595d2a837514c642d2720f1a2fadf}
}

@misc{reddit1 , title={r/Database - Query with unknown Values?}, url={https://www.reddit.com/r/Database/comments/boolaf/query_with_unknown_values/}, journal={reddit}
}

@misc{cb1, title={Store null-variables' values as null?}, url={https://www.chatbots.org/ai_zone/viewthread/3668/}, journal={chatbots.org}
}

@misc{cb2, title={Trouble running Localpgserver.bat}, url={https://www.chatbots.org/ai_zone/viewthread/3673/}, journal={chatbots.org}
}

@misc{cb3, title={Matching input: finding keyword after match location}, url={https://www.chatbots.org/ai_zone/viewthread/3676/}, journal={chatbots.org}
}

@misc{cb4, title={Deleting all variables at once?}, url={https://www.chatbots.org/ai_zone/viewthread/3679/}, journal={chatbots.org}
}

@misc{cb5, title={Problems making GUI work}, url={https://www.chatbots.org/ai_zone/viewthread/3681/}, journal={chatbots.org}
}